    @BOOK{algBeauty,
      author =       "Przemyslaw Prusinkiewicz and Aristid Lindenmayer and others",
      title =        "The Algorithmic Beauty of Plants",
      publisher =    "Springer-Verlag",
      edition =      "1",
      year =         "1996",
      isbn =         "978-0387946764",
    }
    
    @BOOK{medunaBase,
      author =       "Alexander Meduna",
      title =        "Automata and Languages",
      publisher =    "Springer",
      year =         "2000",
      isbn =         "9781447105015",
    }
    
    @BOOK{medunaParser,
      author =       "Alexander Meduna",
      title =        "Elements of Compiler Design",
      publisher =    "Auerbach Publications",
      edition =      "1",
      year =         "2007",
      isbn =         "978-1420063233",
    }
    
    @BOOK{salomaa,
      author =       "Arto Salomaa",
      title =        "Computation and automata",
      publisher =    "Cambridge;London : Cambridge University Press",
      year =         "1985",
      isbn =         "0-521-30245-5",
    }
    
    @BOOK{handbook,
      author =       "Grzegorz Rozenberg and Arto Salomaa",
      title =        "Handbook of formal languages : word, language, grammar",
      publisher =    "Berlin : Springer",
      year =         "1997",
      isbn =         "978-3-642-63863-3",
    }
    
    @phdthesis{krivka,
        author =    "Zbyněk Křivka",
        title =     "Rewriting Systems with Restricted Configurations",
        year =      "2008",
        school =    "Brno University of Technology, Faculty of Information Technology",
    }
    
    @Misc{TIDPresentation,
        author = "Jiří Techet and Tomáš Masopust and Alexander Meduna",
        title = "Lindenmayer Systems",
        url = "http://www.fit.vutbr.cz/~meduna/work/lib/exe/fetch.php?media=lectures:phd:tid:frvs:08-lsystemspres.pdf",
        year = "2007"
    }
    
    @Misc{IZU,
        author = "František Zbořil and František Zbořil",
        title = "Základy umělé inteligence",
        url = "https://www.fit.vutbr.cz/study/courses/IZU/private/oporaizu-esf-5a.pdf",
        year = "2012"
    }
    
    @BOOK{mathTheoryL,
      author =       "Grzegorz Rozenberg and Arto Salomaa",
      title =        "The matematical theory of L systems",
      publisher =    "Academic Press",
      edition =      "1",
      year =         "1980",
      isbn =         "0-12-597140-0",
    }
    
    @MASTERSTHESIS{FITMT21128,
        author = "Dominika Klobu\v{c}n\'{i}kov\'{a}",
        type = "Diplomov\'{a} pr\'{a}ce",
        title = "Sekven\v{c}n\'{i} a paraleln\'{i} gramatiky: vlastnosti a aplikace",
        school = "Vysok\'{e} u\v{c}en\'{i} technick\'{e} v Brn\v{e}, Fakulta informa\v{c}n\'{i}ch         technologi\'{i}",
        year = 2019,
        location = "Brno, CZ",
        language = "czech",
        url = "https://www.fit.vut.cz/study/thesis/21128/"
    }
    
    @Misc{IFJPresentation,
        author = "Alexander Meduna and Roman Lukáš",
        title = "Syntaktická analýza shora dolů",
        url = "https://www.fit.vutbr.cz/study/courses/IFJ/private/prednesy/Ifj07-cz.pdf",
        year = "2017"
    }
    